@inproceedings{GA22,
  	author    = {Ghosh, Bineet and Andr{\'e}, {\'E}tienne},
  	title     = {Monitoring of scattered uncertain logs using uncertain linear dynamical systems},
	year      = {2022},
	longbooktitle = {Proceedings of the 42nd International Conference on Formal Techniques for Distributed Objects, Components, and Systems ({FORTE} 2022)},
	booktitle = {{FORTE}},
	editor    = {Mohammad Mousavi and Anna Philippou},
	location  = {Lucca, Italy},
	eventdate = {2022-06-13/2022-06-17},
	pages     = {67-87},
	publisher = {Springer},
	series    = {\LNCS{}},
	volume    = {13273},
	doi       = {10.1007/978-3-031-08679-3_5},
	keywords  = {intc},
	coreRank  = {Brank},
}
